//this is a template for our bibliography file.
@online{providers,
	    author = "Benjamin Carlson",
	    title = {The Principles of Quantum Mechanics},
	    url = {https://www.youtube.com/watch?v=L_QMsE2v6dw},
	    addendum = "(accessed: 17.06.2022)",
	    keywords = "providers"
}

@online{file-structure,
	    author = "Tadas Petra",
	    title = "Flutter File Structure for Big Projects",
	    url  = "https://www.youtube.com/watch?v=Mt41FpSS-Vo",
	    addendum = "(accessed: 16.06.2022)",
	    keywords = "fs"
}

@online{widgets,
	    author = "",
	    title = "",
	    url = "https://www.youtube.com/watch?v=CyKFCLtOb_s",
	    addendum = "(accessed: 17.06.2022)",
	    keywords = "widgets"
}
	
@online{navigation-with-provider,
	    author = "",
	    title = "",
	    url = "https://www.youtube.com/watch?v=oskdrY1shV0",
	    addendum = "(accessed: 17.06.2022)",
	    keywords = "navigation-with-provider"
}

@online{theming,
	    author = "",
	    title = "",
	    url = "https://www.vincentjouanne.dev/how-to-create-a-custom-theme-for-a-flutter-application/",
	    addendum = "(accessed: 17.06.2022)",
	    keywords = "theming"
}

@online{custom-widgets,
	    author = "",
	    title= "",
	    url = "https://www.geeksforgeeks.org/flutter-custom-widgets/",
	    addendum = "(accessed: 17.06.2022)",
	    keywords = "custom-widgets"
}

@online{padding,
	    author = "",
	    title = "Padding in Flutter",
	    url = "https://www.tutorialkart.com/flutter/flutter-padding/",
	    addendum = "(accessed: 17.06.2022)",
	    keywords = "padding"
}

@online{navigation,
	    author = "Flutter",
	    title = "Navigation in Flutter",
	    url = "https://docs.flutter.dev/cookbook/navigation/navigation-basics",
	    addendum = "(accessed: 17.06.2022)",
	    keywords = "navigation"
}

@online{text-editing-controller,
	    author = "Flutter",
	    title = "Retrieve the input of a text field",
	    url = "https://docs.flutter.dev/cookbook/forms/retrieve-input",
	    addendum = "(accessed: 17.06.2022)",
	    keywords = "text-box-input"
}
